%% This BibTeX bibliography file was created using BibDesk.
%% http://bibdesk.sourceforge.net/

%% Created for Eshwen Bhal at 2019-05-01 12:21:06 +0100 


%% Saved with string encoding Unicode (UTF-8) 



@article{dmsearcheslhc2015,
	Archiveprefix = {arXiv},
	Author = {Abdallah, Jalal and others},
	Doi = {10.1016/j.dark.2015.08.001},
	Eprint = {1506.03116},
	Journal = {Phys. Dark Univ.},
	Pages = {8-23},
	Primaryclass = {hep-ph},
	Reportnumber = {FERMILAB-PUB-15-283-CD, CERN-PH-TH-2015-139},
	Slaccitation = {%%CITATION = ARXIV:1506.03116;%%},
	Title = {{Simplified Models for Dark Matter Searches at the LHC}},
	Volume = {9-10},
	Year = {2015},
	Bdsk-Url-1 = {https://doi.org/10.1016/j.dark.2015.08.001}}

@article{dmbenchmarkearlylhcrun2,
	Archiveprefix = {arXiv},
	Author = {Abercrombie, Daniel and others},
	Editor = {Boveia, Antonio and Doglioni, Caterina and Lowette, Steven and Malik, Sarah and Mrenna, Stephen},
	Eprint = {1507.00966},
	Primaryclass = {hep-ex},
	Reportnumber = {FERMILAB-PUB-15-282-CD},
	Slaccitation = {%%CITATION = ARXIV:1507.00966;%%},
	Title = {{Dark Matter Benchmark Models for Early LHC Run-2 Searches: Report of the ATLAS/CMS Dark Matter Forum}},
	Year = {2015}}

@techreport{CMS-PAS-EXO-12-055,
	Address = {Geneva},
	Author = {CMS Collaboration},
	Collaboration = {CMS Collaboration},
	Institution = {CERN},
	Number = {CMS-PAS-EXO-12-055},
	Reportnumber = {CMS-PAS-EXO-12-055},
	Title = {{Search for New Physics in the V/jet + MET final state}},
	Url = {https://cds.cern.ch/record/2036044},
	Year = {2015},
	Bdsk-Url-1 = {https://cds.cern.ch/record/2036044}}

@article{Martin:1997ns,
	Archiveprefix = {arXiv},
	Author = {Martin, Stephen P.},
	Doi = {10.1142/9789812839657_0001, 10.1142/9789814307505_0001},
	Eprint = {hep-ph/9709356},
	Note = {[Adv. Ser. Direct. High Energy Phys.18,1(1998)]},
	Primaryclass = {hep-ph},
	Reportnumber = {FERMILAB-PUB-97-425-T},
	Slaccitation = {%%CITATION = HEP-PH/9709356;%%},
	Title = {{A Supersymmetry primer}},
	Year = {1997},
	Bdsk-Url-1 = {https://doi.org/10.1142/9789812839657_0001,%2010.1142/9789814307505_0001}}

@techreport{CMS-PAS-SUS-15-005,
	Address = {Geneva},
	Author = {CMS Collaboration},
	Collaboration = {CMS Collaboration},
	Institution = {CERN},
	Number = {CMS-PAS-SUS-15-005},
	Reportnumber = {CMS-PAS-SUS-15-005},
	Title = {{Search for new physics in final states with jets and missing transverse momentum in $\sqrt{s}$ = 13 TeV pp collisions with the $\alpha_{\mathrm{T}}$ variable}},
	Url = {https://cds.cern.ch/record/2114880},
	Year = {2015},
	Bdsk-Url-1 = {https://cds.cern.ch/record/2114880}}

@article{Aitchison:2005cf,
	Archiveprefix = {arXiv},
	Author = {Aitchison, Ian J. R.},
	Eprint = {hep-ph/0505105},
	Primaryclass = {hep-ph},
	Slaccitation = {%%CITATION = HEP-PH/0505105;%%},
	Title = {{Supersymmetry and the MSSM: An Elementary introduction}},
	Year = {2005}}

@inproceedings{Ellis:2002mx,
	Archiveprefix = {arXiv},
	Author = {Ellis, John R.},
	Booktitle = {{2001 European school of high-energy physics, Beatenberg, Switzerland, 26 Aug-8 Sep 2001: Proceedings}},
	Eprint = {hep-ph/0203114},
	Pages = {157-203},
	Primaryclass = {hep-ph},
	Reportnumber = {CERN-TH-2002-052},
	Slaccitation = {%%CITATION = HEP-PH/0203114;%%},
	Title = {{Supersymmetry for Alp hikers}},
	Url = {http://doc.cern.ch/cernrep/1998/98-03/98-03.html},
	Year = {2002},
	Bdsk-Url-1 = {http://doc.cern.ch/cernrep/1998/98-03/98-03.html}}

@inproceedings{Murayama:2007ek,
	Archiveprefix = {arXiv},
	Author = {Murayama, Hitoshi},
	Booktitle = {{Les Houches Summer School - Session 86: Particle Physics and Cosmology: The Fabric of Spacetime Les Houches, France, July 31-August 25, 2006}},
	Eprint = {0704.2276},
	Primaryclass = {hep-ph},
	Slaccitation = {%%CITATION = ARXIV:0704.2276;%%},
	Title = {{Physics Beyond the Standard Model and Dark Matter}},
	Year = {2007}}

@article{Peskin:2007nk,
	Archiveprefix = {arXiv},
	Author = {Peskin, Michael E.},
	Doi = {10.1143/JPSJ.76.111017},
	Eprint = {0707.1536},
	Journal = {J. Phys. Soc. Jap.},
	Pages = {111017},
	Primaryclass = {hep-ph},
	Reportnumber = {SLAC-PUB-12493},
	Slaccitation = {%%CITATION = ARXIV:0707.1536;%%},
	Title = {{Dark matter and particle physics}},
	Volume = {76},
	Year = {2007},
	Bdsk-Url-1 = {https://doi.org/10.1143/JPSJ.76.111017}}

@article{Goodman:2010ku,
	Archiveprefix = {arXiv},
	Author = {Goodman, Jessica and Ibe, Masahiro and Rajaraman, Arvind and Shepherd, William and Tait, Tim M. P. and Yu, Hai-Bo},
	Doi = {10.1103/PhysRevD.82.116010},
	Eprint = {1008.1783},
	Journal = {Phys. Rev.},
	Pages = {116010},
	Primaryclass = {hep-ph},
	Reportnumber = {UCI-HEP-TR-2010-15},
	Slaccitation = {%%CITATION = ARXIV:1008.1783;%%},
	Title = {{Constraints on Dark Matter from Colliders}},
	Volume = {D82},
	Year = {2010},
	Bdsk-Url-1 = {https://doi.org/10.1103/PhysRevD.82.116010}}

@article{PhysRevLett.115.181802,
	Author = {Buchmueller, Oliver and Malik, Sarah A. and McCabe, Christopher and Penning, Bjoern},
	Doi = {10.1103/PhysRevLett.115.181802},
	Issue = {18},
	Journal = {Phys. Rev. Lett.},
	Month = {10},
	Numpages = {6},
	Pages = {181802},
	Publisher = {American Physical Society},
	Title = {Constraining Dark Matter Interactions with Pseudoscalar and Scalar Mediators Using Collider Searches for Multijets plus Missing Transverse Energy},
	Volume = {115},
	Year = {2015},
	Bdsk-Url-1 = {https://doi.org/10.1103/PhysRevLett.115.181802}}

@article{CMS:2016pod,
	Author = {CMS Collaboration},
	Collaboration = {CMS},
	Reportnumber = {CMS-PAS-EXO-16-037},
	Slaccitation = {%%CITATION = CMS-PAS-EXO-16-037;%%},
	Title = {{Search for dark matter in final states with an energetic jet, or a hadronically decaying W or Z boson using $12.9~\mathrm{fb}^{-1}$ of data at $\sqrt{s} = 13~\mathrm{TeV}$}},
	Year = {2016}}

@article{Bertone:2004pz,
	Archiveprefix = {arXiv},
	Author = {Bertone, Gianfranco and Hooper, Dan and Silk, Joseph},
	Doi = {10.1016/j.physrep.2004.08.031},
	Eprint = {hep-ph/0404175},
	Journal = {Phys. Rept.},
	Pages = {279-390},
	Primaryclass = {hep-ph},
	Reportnumber = {FERMILAB-PUB-04-047-A},
	Slaccitation = {%%CITATION = HEP-PH/0404175;%%},
	Title = {{Particle dark matter: Evidence, candidates and constraints}},
	Volume = {405},
	Year = {2005},
	Bdsk-Url-1 = {https://doi.org/10.1016/j.physrep.2004.08.031}}

@article{Yozin:2015mla,
	Archiveprefix = {arXiv},
	Author = {Yozin, C. and Bekki, K.},
	Doi = {10.1093/mnras/stv1073},
	Eprint = {1507.05161},
	Journal = {Mon. Not. Roy. Astron. Soc.},
	Number = {1},
	Pages = {937-943},
	Primaryclass = {astro-ph.GA},
	Slaccitation = {%%CITATION = ARXIV:1507.05161;%%},
	Title = {{The quenching and survival of ultra-diffuse galaxies in the Coma cluster}},
	Volume = {452},
	Year = {2015},
	Bdsk-Url-1 = {https://doi.org/10.1093/mnras/stv1073}}

@techreport{ATLAS-CONF-2016-019,
	Address = {Geneva},
	Author = {ATLAS Collaboration},
	Institution = {CERN},
	Month = {3},
	Number = {ATLAS-CONF-2016-019},
	Reportnumber = {ATLAS-CONF-2016-019},
	Title = {{Search for Dark Matter in association with a Higgs boson decaying to $b$-quarks in $pp$ collisions at $\sqrt{s} = 13$ TeV with the ATLAS detector}},
	Url = {http://cds.cern.ch/record/2142777},
	Year = {2016},
	Bdsk-Url-1 = {http://cds.cern.ch/record/2142777}}

@article{Steane:2013wra,
	Archiveprefix = {arXiv},
	Author = {Steane, Andrew M.},
	Eprint = {1312.3824},
	Primaryclass = {math-ph},
	Slaccitation = {%%CITATION = ARXIV:1312.3824;%%},
	Title = {{An introduction to spinors}},
	Year = {2013}}

@article{Conte:2012madanalysis,
	Archiveprefix = {arXiv},
	Author = {Conte, Eric and Fuks, Benjamin and Serret, Guillaume},
	Doi = {10.1016/j.cpc.2012.09.009},
	Eprint = {1206.1599},
	Journal = {Comput. Phys. Commun.},
	Pages = {222-256},
	Primaryclass = {hep-ph},
	Reportnumber = {IPHC-PHENO-06},
	Slaccitation = {%%CITATION = ARXIV:1206.1599;%%},
	Title = {{MadAnalysis 5, A User-Friendly Framework for Collider Phenomenology}},
	Volume = {184},
	Year = {2013},
	Bdsk-Url-1 = {https://doi.org/10.1016/j.cpc.2012.09.009}}

@article{Alwall:2011madgraph,
	Archiveprefix = {arXiv},
	Author = {Alwall, Johan and Herquet, Michel and Maltoni, Fabio and Mattelaer, Olivier and Stelzer, Tim},
	Doi = {10.1007/JHEP06(2011)128},
	Eprint = {1106.0522},
	Journal = {JHEP},
	Pages = {128},
	Primaryclass = {hep-ph},
	Reportnumber = {FERMILAB-PUB-11-448-T},
	Slaccitation = {%%CITATION = ARXIV:1106.0522;%%},
	Title = {{MadGraph 5 : Going Beyond}},
	Volume = {06},
	Year = {2011},
	Bdsk-Url-1 = {https://doi.org/10.1007/JHEP06(2011)128}}

@article{Sjostrand:2007pythia,
	Archiveprefix = {arXiv},
	Author = {Sjostrand, Torbjorn and Mrenna, Stephen and Skands, Peter Z.},
	Doi = {10.1016/j.cpc.2008.01.036},
	Eprint = {0710.3820},
	Journal = {Comput. Phys. Commun.},
	Pages = {852-867},
	Primaryclass = {hep-ph},
	Reportnumber = {CERN-LCGAPP-2007-04, LU-TP-07-28, FERMILAB-PUB-07-512-CD-T},
	Slaccitation = {%%CITATION = ARXIV:0710.3820;%%},
	Title = {{A Brief Introduction to PYTHIA 8.1}},
	Volume = {178},
	Year = {2008},
	Bdsk-Url-1 = {https://doi.org/10.1016/j.cpc.2008.01.036}}

@article{Ovyn:2009delphes,
	Archiveprefix = {arXiv},
	Author = {Ovyn, S. and Rouby, X. and Lemaitre, V.},
	Eprint = {0903.2225},
	Primaryclass = {hep-ph},
	Reportnumber = {CP3-09-01},
	Slaccitation = {%%CITATION = ARXIV:0903.2225;%%},
	Title = {{DELPHES, a framework for fast simulation of a generic collider experiment}},
	Year = {2009}}

@article{Cacciari:2011fastjet,
	Archiveprefix = {arXiv},
	Author = {Cacciari, Matteo and Salam, Gavin P. and Soyez, Gregory},
	Doi = {10.1140/epjc/s10052-012-1896-2},
	Eprint = {1111.6097},
	Journal = {Eur. Phys. J.},
	Pages = {1896},
	Primaryclass = {hep-ph},
	Reportnumber = {CERN-PH-TH-2011-297},
	Slaccitation = {%%CITATION = ARXIV:1111.6097;%%},
	Title = {{FastJet User Manual}},
	Volume = {C72},
	Year = {2012},
	Bdsk-Url-1 = {https://doi.org/10.1140/epjc/s10052-012-1896-2}}

@article{Randall:2008rw,
	Archiveprefix = {arXiv},
	Author = {Randall, Lisa and Tucker-Smith, David},
	Doi = {10.1103/PhysRevLett.101.221803},
	Eprint = {0806.1049},
	Journal = {Phys. Rev. Lett.},
	Pages = {221803},
	Primaryclass = {hep-ph},
	Slaccitation = {%%CITATION = ARXIV:0806.1049;%%},
	Title = {{Dijet Searches for Supersymmetry at the LHC}},
	Volume = {101},
	Year = {2008},
	Bdsk-Url-1 = {https://doi.org/10.1103/PhysRevLett.101.221803}}

@article{PhysRevLett.107.221804,
	Author = {Chatrchyan, S. and others},
	Collaboration = {CMS Collaboration},
	Doi = {10.1103/PhysRevLett.107.221804},
	Issue = {22},
	Journal = {Phys. Rev. Lett.},
	Month = {11},
	Numpages = {16},
	Pages = {221804},
	Publisher = {American Physical Society},
	Title = {Search for Supersymmetry at the LHC in Events with Jets and Missing Transverse Energy},
	Volume = {107},
	Year = {2011},
	Bdsk-Url-1 = {https://doi.org/10.1103/PhysRevLett.107.221804}}

@inproceedings{Sakuma:2016nxo,
	Archiveprefix = {arXiv},
	Author = {Sakuma, Tai},
	Collaboration = {CMS},
	Eprint = {1609.07445},
	Primaryclass = {hep-ex},
	Reportnumber = {CMS-CR-2016-216},
	Slaccitation = {%%CITATION = ARXIV:1609.07445;%%},
	Title = {{Squark/gluino searches in hadronic channels with CMS}},
	Year = {2016}}

@article{Cohen:2015toa,
	Archiveprefix = {arXiv},
	Author = {Cohen, Timothy and Lisanti, Mariangela and Lou, Hou Keong},
	Doi = {10.1103/PhysRevLett.115.171804},
	Eprint = {1503.00009},
	Journal = {Phys. Rev. Lett.},
	Number = {17},
	Pages = {171804},
	Primaryclass = {hep-ph},
	Slaccitation = {%%CITATION = ARXIV:1503.00009;%%},
	Title = {{Semi-visible Jets: Dark Matter Undercover at the LHC}},
	Volume = {115},
	Year = {2015},
	Bdsk-Url-1 = {https://doi.org/10.1103/PhysRevLett.115.171804}}

@techreport{CMS-SUS-14-006,
	Address = {Geneva},
	Author = {CMS Collaboration},
	Collaboration = {CMS Collaboration},
	Institution = {CERN},
	Month = {5},
	Note = {Comments: Submitted to Phys. Lett. B},
	Number = {arXiv:1605.08993. CMS-SUS-14-006. CERN-EP-2016-103},
	Reportnumber = {arXiv:1605.08993},
	Title = {{Search for top squark pair production in compressed-mass-spectrum scenarios in proton-proton collisions at $ \sqrt{s} = $ 8 TeV using the ${\alpha_\mathrm{T}}$ variable}},
	Url = {https://cds.cern.ch/record/2156414},
	Year = {2016},
	Bdsk-Url-1 = {https://cds.cern.ch/record/2156414}}

@article{lhapdf6,
	Archiveprefix = {arXiv},
	Author = {Buckley, Andy and Ferrando, James and Lloyd, Stephen and Nordstr{\"o}m, Karl and Page, Ben and R{\"u}fenacht, Martin and Sch{\"o}nherr, Marek and Watt, Graeme},
	Doi = {10.1140/epjc/s10052-015-3318-8},
	Eprint = {1412.7420},
	Journal = {Eur. Phys. J.},
	Pages = {132},
	Primaryclass = {hep-ph},
	Reportnumber = {GLAS-PPE-2014-05, MCNET-14-29, IPPP-14-111, DCPT-14-222},
	Slaccitation = {%%CITATION = ARXIV:1412.7420;%%},
	Title = {{LHAPDF6: parton density access in the LHC precision era}},
	Volume = {C75},
	Year = {2015},
	Bdsk-Url-1 = {https://doi.org/10.1140/epjc/s10052-015-3318-8}}

@article{pythia82,
	Archiveprefix = {arXiv},
	Author = {Sj{\"o}strand, Torbj{\"o}rn and Ask, Stefan and Christiansen, Jesper R. and Corke, Richard and Desai, Nishita and Ilten, Philip and Mrenna, Stephen and Prestel, Stefan and Rasmussen, Christine O. and Skands, Peter Z.},
	Doi = {10.1016/j.cpc.2015.01.024},
	Eprint = {1410.3012},
	Journal = {Comput. Phys. Commun.},
	Pages = {159-177},
	Primaryclass = {hep-ph},
	Reportnumber = {LU-TP-14-36, MCNET-14-22, CERN-PH-TH-2014-190, FERMILAB-PUB-14-316-CD, DESY-14-178, SLAC-PUB-16122},
	Slaccitation = {%%CITATION = ARXIV:1410.3012;%%},
	Title = {{An Introduction to PYTHIA 8.2}},
	Volume = {191},
	Year = {2015},
	Bdsk-Url-1 = {https://doi.org/10.1016/j.cpc.2015.01.024}}

@article{Dobbs200141,
	Author = {Matt Dobbs and J{\~A}{\v z}rgen Beck Hansen},
	Doi = {http://dx.doi.org/10.1016/S0010-4655(00)00189-2},
	Issn = {0010-4655},
	Journal = {Computer Physics Communications},
	Keywords = {C++},
	Number = {1},
	Pages = {41 - 46},
	Title = {The HepMC C++ Monte Carlo event record for High Energy Physics},
	Volume = {134},
	Year = {2001},
	Bdsk-Url-1 = {http://dx.doi.org/10.1016/S0010-4655(00)00189-2}}

@inproceedings{Placakyte:2011az,
	Archiveprefix = {arXiv},
	Author = {Placakyte, Ringaile},
	Booktitle = {{Proceedings, 31st International Conference on Physics in collisions (PIC 2011): Vancouver, Canada, August 28-September 1, 2011}},
	Eprint = {1111.5452},
	Primaryclass = {hep-ph},
	Slaccitation = {%%CITATION = ARXIV:1111.5452;%%},
	Title = {{Parton Distribution Functions}},
	Year = {2011}}

@article{1742-6596-664-7-072052,
	Author = {G Petrucciani and A Rizzi and C Vuosalo},
	Journal = {Journal of Physics: Conference Series},
	Number = {7},
	Pages = {072052},
	Title = {Mini-AOD: A New Analysis Data Format for CMS},
	Volume = {664},
	Year = {2015}}

@article{CMS-PAPER-SUS-15-005-arXiv,
	Archiveprefix = {arXiv},
	Author = {CMS Collaboration},
	Collaboration = {CMS Collaboration},
	Eprint = {1611.00338},
	Institution = {CERN},
	Journal = {Submitted to: Eur. Phys. J. C},
	Note = {CMS-SUS-15-005, CERN-EP-2016-246},
	Primaryclass = {hep-ex},
	Reportnumber = {CMS-SUS-15-005},
	Slaccitation = {%%CITATION = ARXIV:1611.00338;%%},
	Title = {{A search for new phenomena in pp collisions at $\sqrt{s}$ = 13 TeV in final states with missing transverse momentum and at least one jet using the ${\alpha_{\mathrm{T}}}$ variable}},
	Year = {2016}}

@article{CMS-PAPER-SUS-15-005-published,
	Archiveprefix = {arXiv},
	Author = {Khachatryan, Vardan and others},
	Collaboration = {CMS},
	Doi = {10.1140/epjc/s10052-017-4787-8},
	Eprint = {1611.00338},
	Journal = {Eur. Phys. J.},
	Number = {5},
	Pages = {294},
	Primaryclass = {hep-ex},
	Reportnumber = {CMS-SUS-15-005, CERN-EP-2016-246},
	Slaccitation = {%%CITATION = ARXIV:1611.00338;%%},
	Title = {{A search for new phenomena in pp collisions at $\sqrt{s} = 13\,\text {TeV} $ in final states with missing transverse momentum and at least one jet using the $\alpha _{\mathrm {T}}$ variable}},
	Volume = {C77},
	Year = {2017},
	Bdsk-Url-1 = {https://doi.org/10.1140/epjc/s10052-017-4787-8}}

@article{doi:10.1093-mnras-183.3.341,
	Author = {White, S. D. M. and Rees, M. J.},
	Doi = {10.1093/mnras/183.3.341},
	Journal = {Monthly Notices of the Royal Astronomical Society},
	Number = {3},
	Pages = {341},
	Title = {Core condensation in heavy halos: a two-stage theory for galaxy formation and clustering},
	Volume = {183},
	Year = {1978},
	Bdsk-Url-1 = {https://doi.org/10.1093/mnras/183.3.341}}

@article{1970ApJ-160-811F,
	Adsnote = {Provided by the SAO/NASA Astrophysics Data System},
	Adsurl = {http://adsabs.harvard.edu/abs/1970ApJ...160..811F},
	Author = {{Freeman}, K.~C.},
	Doi = {10.1086/150474},
	Journal = {The Astrophysical Journal},
	Month = jun,
	Pages = {811},
	Title = {{On the Disks of Spiral and S0 Galaxies}},
	Volume = 160,
	Year = 1970,
	Bdsk-Url-1 = {https://doi.org/10.1086/150474}}

@article{1992AandA-256-19B,
	Adsnote = {Provided by the SAO/NASA Astrophysics Data System},
	Adsurl = {http://adsabs.harvard.edu/abs/1992A%26A...256...19B},
	Author = {{Broeils}, A.~H.},
	Journal = {Astronomy \& Astrophysics},
	Keywords = {Dwarf Galaxies, Galactic Mass, Mass Distribution, Radial Velocity, Spiral Galaxies, Dark Matter, Galactic Structure, H Lines},
	Month = mar,
	Pages = {19-32},
	Title = {{The mass distribution of the dwarf spiral NGC 1560}},
	Volume = 256,
	Year = 1992}

@article{1972ApJ-176-1G,
	Adsnote = {Provided by the SAO/NASA Astrophysics Data System},
	Adsurl = {http://adsabs.harvard.edu/abs/1972ApJ...176....1G},
	Author = {{Gunn}, J.~E. and {Gott}, III, J.~R.},
	Doi = {10.1086/151605},
	Journal = {The Astrophysical Journal},
	Month = aug,
	Pages = {1},
	Title = {{On the Infall of Matter Into Clusters of Galaxies and Some Effects on Their Evolution}},
	Volume = 176,
	Year = 1972,
	Bdsk-Url-1 = {https://doi.org/10.1086/151605}}

@article{2006AJ-132-2685M,
	Adsnote = {Provided by the SAO/NASA Astrophysics Data System},
	Adsurl = {http://adsabs.harvard.edu/abs/2006AJ....132.2685M},
	Author = {{Merritt}, D. and {Graham}, A.~W. and {Moore}, B. and {Diemand}, J. and {Terzi{\'c}}, B.},
	Doi = {10.1086/508988},
	Eprint = {astro-ph/0509417},
	Journal = {The Astronomical Journal},
	Keywords = {Cosmology: Dark Matter, Galaxies: Halos, Methods: N-Body Simulations},
	Month = dec,
	Pages = {2685-2700},
	Title = {{Empirical Models for Dark Matter Halos. I. Nonparametric Construction of Density Profiles and Comparison with Parametric Models}},
	Volume = 132,
	Year = 2006,
	Bdsk-Url-1 = {https://doi.org/10.1086/508988}}

@article{1996MNRAS-281-27P,
	Adsnote = {Provided by the SAO/NASA Astrophysics Data System},
	Adsurl = {http://adsabs.harvard.edu/abs/1996MNRAS.281...27P},
	Author = {{Persic}, M. and {Salucci}, P. and {Stel}, F.},
	Doi = {10.1093/mnras/281.1.27},
	Eprint = {astro-ph/9506004},
	Journal = {Monthly Notices of the Royal Astronomical Society},
	Keywords = {GALAXIES: KINEMATICS AND DYNAMICS, GALAXIES: SPIRAL, GALAXIES: STRUCTURE, DARK MATTER},
	Month = jul,
	Pages = {27-47},
	Title = {{The universal rotation curve of spiral galaxies - I. The dark matter connection}},
	Volume = 281,
	Year = 1996,
	Bdsk-Url-1 = {https://doi.org/10.1093/mnras/281.1.27}}

@article{2009arXiv0901.0632E,
	Adsnote = {Provided by the SAO/NASA Astrophysics Data System},
	Adsurl = {http://adsabs.harvard.edu/abs/2009arXiv0901.0632E},
	Archiveprefix = {arXiv},
	Author = {{Einasto}, J.},
	Eprint = {0901.0632},
	Journal = {ArXiv e-prints},
	Keywords = {Astrophysics - Cosmology and Extragalactic Astrophysics},
	Month = jan,
	Primaryclass = {astro-ph.CO},
	Title = {{Dark Matter}},
	Year = 2009}

@article{CMS-DP-2016-057,
	Collaboration = {CMS Collaboration},
	Month = aug,
	Reportnumber = {CMS-DP-2016-057},
	Title = {{Dark Matter Summary Plots from CMS for ICHEP 2016}},
	Url = {https://cds.cern.ch/record/2208044},
	Year = {2016},
	Bdsk-Url-1 = {https://cds.cern.ch/record/2208044}}

@article{Baldes:2017gzw,
	Archiveprefix = {arXiv},
	Author = {Baldes, Iason and Petraki, Kalliopi},
	Eprint = {1703.00478},
	Primaryclass = {hep-ph},
	Reportnumber = {DESY-17-034, NIKHEF-2017-009},
	Slaccitation = {%%CITATION = ARXIV:1703.00478;%%},
	Title = {{Asymmetric thermal-relic dark matter: Sommerfeld-enhanced freeze-out, annihilation signals and unitarity bounds}},
	Year = {2017}}

@article{2010GReGr..42.2177H,
	Adsnote = {Provided by the SAO/NASA Astrophysics Data System},
	Adsurl = {http://adsabs.harvard.edu/abs/2010GReGr..42.2177H},
	Archiveprefix = {arXiv},
	Author = {{Huterer}, D.},
	Doi = {10.1007/s10714-010-1051-z},
	Eprint = {1001.1758},
	Journal = {General Relativity and Gravitation},
	Keywords = {Cosmology, Weak gravitational lensing, Dark matter, Dark energy},
	Month = sep,
	Pages = {2177-2195},
	Primaryclass = {astro-ph.CO},
	Title = {{Weak lensing, dark matter and dark energy}},
	Volume = 42,
	Year = 2010,
	Bdsk-Url-1 = {https://doi.org/10.1007/s10714-010-1051-z}}

@article{2016AnA...594A..13P,
	Adsnote = {Provided by the SAO/NASA Astrophysics Data System},
	Adsurl = {http://adsabs.harvard.edu/abs/2016A%26A...594A..13P},
	Archiveprefix = {arXiv},
	Author = {{Planck Collaboration} and {Ade}, P.~A.~R. and {Aghanim}, N. and {Arnaud}, M. and {Ashdown}, M. and {Aumont}, J. and {Baccigalupi}, C. and {Banday}, A.~J. and {Barreiro}, R.~B. and {Bartlett}, J.~G. and et al.},
	Doi = {10.1051/0004-6361/201525830},
	Eid = {A13},
	Eprint = {1502.01589},
	Journal = {Astronomy \& Astrophysics},
	Keywords = {cosmology: observations, cosmology: theory, cosmic background radiation, cosmological parameters},
	Month = sep,
	Pages = {A13},
	Title = {{Planck 2015 results. XIII. Cosmological parameters}},
	Volume = 594,
	Year = 2016,
	Bdsk-Url-1 = {https://doi.org/10.1051/0004-6361/201525830}}

@article{doi:10.1142/S0218301313300191,
	Author = {Drewes, Marco},
	Doi = {10.1142/S0218301313300191},
	Journal = {International Journal of Modern Physics E},
	Number = {08},
	Pages = {1330019},
	Title = {The Phenomenology of Right Handed Neutrinos},
	Volume = {22},
	Year = {2013},
	Bdsk-Url-1 = {https://doi.org/10.1142/S0218301313300191}}

@article{1981PhLB..104..199D,
	Adsnote = {Provided by the SAO/NASA Astrophysics Data System},
	Adsurl = {http://adsabs.harvard.edu/abs/1981PhLB..104..199D},
	Author = {{Dine}, M. and {Fischler}, W. and {Srednicki}, M.},
	Doi = {10.1016/0370-2693(81)90590-6},
	Journal = {Physics Letters B},
	Month = aug,
	Pages = {199-202},
	Title = {{A simple solution to the strong CP problem with a harmless axion}},
	Volume = 104,
	Year = 1981,
	Bdsk-Url-1 = {https://doi.org/10.1016/0370-2693(81)90590-6}}

@article{Han:1998sg,
	Archiveprefix = {arXiv},
	Author = {Han, Tao and Lykken, Joseph D. and Zhang, Ren-Jie},
	Doi = {10.1103/PhysRevD.59.105006},
	Eprint = {hep-ph/9811350},
	Journal = {Phys. Rev.},
	Pages = {105006},
	Primaryclass = {hep-ph},
	Reportnumber = {MADPH-98-1092, FERMILAB-PUB-98-364},
	Slaccitation = {%%CITATION = HEP-PH/9811350;%%},
	Title = {{On Kaluza-Klein states from large extra dimensions}},
	Volume = {D59},
	Year = {1999},
	Bdsk-Url-1 = {https://doi.org/10.1103/PhysRevD.59.105006}}

@inproceedings{Quigg:2008ab,
	Archiveprefix = {arXiv},
	Author = {Quigg, Chris},
	Booktitle = {{Proceedings, 35th SLAC Summer Institute on Particle Physics: Dark matter: From the cosmos to the Laboratory (SSI 2007): Menlo Park, California, July 30- August 10, 2007}},
	Eprint = {0802.0013},
	Primaryclass = {hep-ph},
	Reportnumber = {FERMILAB-CONF-07-417-T},
	Slaccitation = {%%CITATION = ARXIV:0802.0013;%%},
	Title = {{Cosmic Neutrinos}},
	Url = {http://lss.fnal.gov/cgi-bin/find_paper.pl?conf-07-417},
	Year = {2008},
	Bdsk-Url-1 = {http://lss.fnal.gov/cgi-bin/find_paper.pl?conf-07-417}}

@article{1742-6596-718-2-022013,
	Author = {Susanne Mertens},
	Journal = {Journal of Physics: Conference Series},
	Number = {2},
	Pages = {022013},
	Title = {Direct Neutrino Mass Experiments},
	Url = {http://stacks.iop.org/1742-6596/718/i=2/a=022013},
	Volume = {718},
	Year = {2016},
	Bdsk-Url-1 = {http://stacks.iop.org/1742-6596/718/i=2/a=022013}}

@book{weinberg2008cosmology,
	Author = {Weinberg, S.},
	Isbn = {9780191523601},
	Publisher = {OUP Oxford},
	Series = {Cosmology},
	Title = {Cosmology},
	Url = {https://books.google.co.uk/books?id=48C-ym2EmZkC},
	Year = {2008},
	Bdsk-Url-1 = {https://books.google.co.uk/books?id=48C-ym2EmZkC}}

@article{Pennington:2016dpj,
	Archiveprefix = {arXiv},
	Author = {Pennington, Michael R.},
	Doi = {10.1088/0954-3899/43/5/054001},
	Eprint = {1604.01441},
	Journal = {J. Phys.},
	Pages = {054001},
	Primaryclass = {hep-ph},
	Reportnumber = {JLAB-THY-16-2239},
	Slaccitation = {%%CITATION = ARXIV:1604.01441;%%},
	Title = {{Evolving images of the proton: Hadron physics over the past 40 years}},
	Volume = {G43},
	Year = {2016},
	Bdsk-Url-1 = {https://doi.org/10.1088/0954-3899/43/5/054001}}

@article{Brooke:1602168,
	Author = {Brooke, James John and Mathias, Bryn Lough Shorney and Tapper, Alexander and Wardle, Nicholas},
	Month = Sep,
	Reportnumber = {CMS-IN-2013-006},
	Title = {{Calibration and Performance of the Jets and Energy Sums in the Level-1 Trigger}},
	Url = {https://cds.cern.ch/record/1602168},
	Year = {2013},
	Bdsk-Url-1 = {https://cds.cern.ch/record/1602168}}

@book{cox2016universal,
	Author = {Cox, B. and Forshaw, J.},
	Isbn = {9780141968346},
	Publisher = {Penguin Books Limited},
	Title = {Universal: A Journey Through the Cosmos},
	Url = {https://books.google.co.uk/books?id=2FLBBwAAQBAJ},
	Year = {2016},
	Bdsk-Url-1 = {https://books.google.co.uk/books?id=2FLBBwAAQBAJ}}

@article{PDGbooklet2010,
	Author = {K Nakamura and Particle Data Group},
	Journal = {Journal of Physics G: Nuclear and Particle Physics},
	Number = {7A},
	Pages = {075021},
	Title = {Review of Particle Physics},
	Url = {http://stacks.iop.org/0954-3899/37/i=7A/a=075021},
	Volume = {37},
	Year = {2010},
	Bdsk-Url-1 = {http://stacks.iop.org/0954-3899/37/i=7A/a=075021}}

@article{BulletClusterDMevidence,
	Author = {Douglas Clowe and Anthony Gonzalez and Maxim Markevitch},
	Journal = {The Astrophysical Journal},
	Number = {2},
	Pages = {596},
	Title = {Weak-Lensing Mass Reconstruction of the Interacting Cluster 1E 0657--558: Direct Evidence for the Existence of Dark Matter},
	Url = {http://stacks.iop.org/0004-637X/604/i=2/a=596},
	Volume = {604},
	Year = {2004},
	Bdsk-Url-1 = {http://stacks.iop.org/0004-637X/604/i=2/a=596}}

@article{Sirunyan:2017xgm,
	Archiveprefix = {arXiv},
	Author = {Sirunyan, Albert M and others},
	Collaboration = {CMS},
	Eprint = {1706.02581},
	Primaryclass = {hep-ex},
	Reportnumber = {CMS-EXO-16-005, CERN-EP-2017-087},
	Title = {{Search for dark matter produced in association with heavy-flavor quarks in proton-proton collisions at sqrt(s)=13 TeV}},
	Year = {2017}}

@article{CMS-PRF-14-001,
	Archiveprefix = {arXiv},
	Author = {Sirunyan, A. M. and others},
	Collaboration = {CMS},
	Doi = {10.1088/1748-0221/12/10/P10003},
	Eprint = {1706.04965},
	Journal = {JINST},
	Pages = {P10003},
	Primaryclass = {physics.ins-det},
	Reportnumber = {CMS-PRF-14-001, CERN-EP-2017-110},
	Title = {Particle-flow reconstruction and global event description with the CMS detector},
	Volume = {12},
	Year = {2017},
	Bdsk-Url-1 = {https://doi.org/10.1088/1748-0221/12/10/P10003}}

@inproceedings{Kamionkowski:1997zb,
	Archiveprefix = {arXiv},
	Author = {Kamionkowski, M.},
	Booktitle = {{High-energy physics and cosmology. Proceedings, Summer School, Trieste, Italy, June 2-July 4, 1997}},
	Eprint = {hep-ph/9710467},
	Pages = {394-411},
	Primaryclass = {hep-ph},
	Reportnumber = {CU-TP-866, CAL-648},
	Title = {{WIMP and axion dark matter}},
	Year = {1997}}

@inproceedings{Lisanti:2016jxe,
	Archiveprefix = {arXiv},
	Author = {Lisanti, Mariangela},
	Booktitle = {{Proceedings, Theoretical Advanced Study Institute in Elementary Particle Physics: New Frontiers in Fields and Strings (TASI 2015): Boulder, CO, USA, June 1-26, 2015}},
	Doi = {10.1142/9789813149441_0007},
	Eprint = {1603.03797},
	Pages = {399-446},
	Primaryclass = {hep-ph},
	Title = {{Lectures on Dark Matter Physics}},
	Url = {https://inspirehep.net/record/1427360/files/arXiv:1603.03797.pdf},
	Year = {2017},
	Bdsk-Url-1 = {https://inspirehep.net/record/1427360/files/arXiv:1603.03797.pdf},
	Bdsk-Url-2 = {https://doi.org/10.1142/9789813149441_0007}}

@book{tagkey1984quarksandleptons,
	Address = {Amsterdam},
	Doi = {https://doi.org/10.1016/B978-0-444-86924-1.50001-5},
	Editor = {OKUN, L.B.},
	Issn = {09255818},
	Publisher = {Elsevier},
	Series = {North-Holland Personal Library},
	Title = {Leptons and Quarks},
	Year = {1984},
	Bdsk-Url-1 = {https://doi.org/10.1016/B978-0-444-86924-1.50001-5}}

@article{Duerr:2017uap,
	Archiveprefix = {arXiv},
	Author = {Duerr, Michael and Grohsjean, Alexander and Kahlhoefer, Felix and Penning, Bjoern and Schmidt-Hoberg, Kai and Schwanenberger, Christian},
	Doi = {10.1007/JHEP04(2017)143},
	Eprint = {1701.08780},
	Journal = {JHEP},
	Pages = {143},
	Primaryclass = {hep-ph},
	Reportnumber = {DESY-17-016},
	Title = {{Hunting the dark Higgs}},
	Volume = {04},
	Year = {2017},
	Bdsk-Url-1 = {https://doi.org/10.1007/JHEP04(2017)143}}

@article{1926ZPhy37895K,
	Adsnote = {Provided by the SAO/NASA Astrophysics Data System},
	Adsurl = {http://adsabs.harvard.edu/abs/1926ZPhy...37..895K},
	Author = {{Klein}, O.},
	Doi = {10.1007/BF01397481},
	Journal = {Zeitschrift fur Physik},
	Month = dec,
	Pages = {895-906},
	Title = {{Quantentheorie und f{\"u}nfdimensionale Relativit{\"a}tstheorie}},
	Volume = 37,
	Year = 1926,
	Bdsk-Url-1 = {https://doi.org/10.1007/BF01397481}}

@article{2012AstRv7b5W,
	Adsnote = {Provided by the SAO/NASA Astrophysics Data System},
	Adsurl = {http://adsabs.harvard.edu/abs/2012AstRv...7b...5W},
	Author = {{Williams}, L.},
	Doi = {10.1080/21672857.2012.11519699},
	Journal = {The Astronomical Review},
	Keywords = {interstellar travel, general relativity, electromagnetism, Alcubierre warps},
	Month = apr,
	Number = 2,
	Pages = {5-28},
	Title = {{Electromagnetic Control of Spacetime and Gravity: The Hard Problem of Interstellar Travel}},
	Volume = 7,
	Year = 2012,
	Bdsk-Url-1 = {https://doi.org/10.1080/21672857.2012.11519699}}

@article{Kaluza1921,
	Added-At = {2014-09-15T08:49:36.000+0200},
	Author = {Kaluza, Theodor},
	Biburl = {https://www.bibsonomy.org/bibtex/2d37fb59475b8d71d892af008f2da52f0/zhaozhh02},
	Journal = {Sitzungsber. Preuss. Akad. Wiss. Berlin (Math. Phys.)},
	Keywords = {imported},
	Owner = {zhao},
	Pages = 966,
	Title = {Zum Unit\"{a}tsproblem in der Physik},
	Year = 1921}

@article{Flacke:2017xsv,
	Archiveprefix = {arXiv},
	Author = {Flacke, Thomas and Kang, Dong Woo and Kong, Kyoungchul and Mohlabeng, Gopolang and Park, Seong Chan},
	Doi = {10.1007/JHEP04(2017)041},
	Eprint = {1702.02949},
	Journal = {JHEP},
	Pages = {041},
	Primaryclass = {hep-ph},
	Reportnumber = {CTPU-16-31, FERMILAB-PUB-16-554-T, PITT-PACC-1616},
	Title = {{Electroweak Kaluza-Klein Dark Matter}},
	Volume = {04},
	Year = {2017},
	Bdsk-Url-1 = {https://doi.org/10.1007/JHEP04(2017)041}}

@article{Cohen:2017pzm,
	Archiveprefix = {arXiv},
	Author = {Cohen, Timothy and Lisanti, Mariangela and Lou, Hou Keong and Mishra-Sharma, Siddharth},
	Doi = {10.1007/JHEP11(2017)196},
	Eprint = {1707.05326},
	Journal = {JHEP},
	Pages = {196},
	Primaryclass = {hep-ph},
	Reportnumber = {PUPT-2529},
	Title = {{LHC Searches for Dark Sector Showers}},
	Volume = {11},
	Year = {2017},
	Bdsk-Url-1 = {https://doi.org/10.1007/JHEP11(2017)196}}

@article{ALLISON2016186,
	Author = {J. Allison et. al},
	Doi = {https://doi.org/10.1016/j.nima.2016.06.125},
	Issn = {0168-9002},
	Journal = {Nuclear Instruments and Methods in Physics Research Section A: Accelerators, Spectrometers, Detectors and Associated Equipment},
	Keywords = {High energy physics, Nuclear physics, Radiation, Simulation, Computing},
	Pages = {186 - 225},
	Title = {Recent developments in Geant4},
	Url = {http://www.sciencedirect.com/science/article/pii/S0168900216306957},
	Volume = {835},
	Year = {2016},
	Bdsk-Url-1 = {http://www.sciencedirect.com/science/article/pii/S0168900216306957},
	Bdsk-Url-2 = {https://doi.org/10.1016/j.nima.2016.06.125}}

@article{Cacciari:2008gp,
	Archiveprefix = {arXiv},
	Author = {Cacciari, Matteo and Salam, Gavin P. and Soyez, Gregory},
	Doi = {10.1088/1126-6708/2008/04/063},
	Eprint = {0802.1189},
	Journal = {JHEP},
	Pages = {063},
	Primaryclass = {hep-ph},
	Reportnumber = {LPTHE-07-03},
	Slaccitation = {%%CITATION = ARXIV:0802.1189;%%},
	Title = {{The Anti-k(t) jet clustering algorithm}},
	Volume = {04},
	Year = {2008},
	Bdsk-Url-1 = {https://doi.org/10.1088/1126-6708/2008/04/063}}

@article{Andersson:1983ia,
	Author = {Andersson, Bo and Gustafson, G. and Ingelman, G. and Sjostrand, T.},
	Doi = {10.1016/0370-1573(83)90080-7},
	Journal = {Phys. Rept.},
	Pages = {31-145},
	Reportnumber = {LU-TP-83-10},
	Slaccitation = {%%CITATION = PRPLC,97,31;%%},
	Title = {{Parton Fragmentation and String Dynamics}},
	Volume = {97},
	Year = {1983},
	Bdsk-Url-1 = {https://doi.org/10.1016/0370-1573(83)90080-7}}

@article{SUS16038published,
	Author = {Sirunyan, A. M. and others},
	Date-Modified = {2019-05-01 12:21:06 +0100},
	Doi = {10.1007/JHEP05(2018)025},
	Journal = {Journal of High Energy Physics},
	Month = {05},
	Number = {5},
	Pages = {25},
	Title = {Search for natural and split supersymmetry in proton-proton collisions at $\sqrt{s} = 13$ TeV in final states with jets and missing transverse momentum},
	Url = {https://doi.org/10.1007/JHEP05(2018)025},
	Volume = {2018},
	Year = {2018},
	Bdsk-Url-1 = {https://doi.org/10.1007/JHEP05(2018)025}}

@article{Patrignani:2016xqp,
	Author = {Patrignani, C. and others},
	Collaboration = {Particle Data Group},
	Doi = {10.1088/1674-1137/40/10/100001},
	Journal = {Chin. Phys.},
	Number = {10},
	Pages = {100001},
	Slaccitation = {%%CITATION = CHPHD,C40,100001;%%},
	Title = {{Review of Particle Physics}},
	Volume = {C40},
	Year = {2016},
	Bdsk-Url-1 = {https://doi.org/10.1088/1674-1137/40/10/100001}}

@article{Khachatryan:2016whc,
	Archiveprefix = {arXiv},
	Author = {Khachatryan, Vardan and others},
	Collaboration = {CMS},
	Doi = {10.1007/JHEP02(2017)135},
	Eprint = {1610.09218},
	Journal = {JHEP},
	Pages = {135},
	Primaryclass = {hep-ex},
	Reportnumber = {CMS-HIG-16-016, CERN-EP-2016-240},
	Slaccitation = {%%CITATION = ARXIV:1610.09218;%%},
	Title = {{Searches for invisible decays of the Higgs boson in pp collisions at $\sqrt{s}$ = 7, 8, and 13 TeV}},
	Volume = {02},
	Year = {2017},
	Bdsk-Url-1 = {https://doi.org/10.1007/JHEP02(2017)135}}

@article{Shore:2007um,
	Archiveprefix = {arXiv},
	Author = {Shore, G. M.},
	Doi = {10.1016/j.nuclphysb.2007.03.034},
	Eprint = {hep-th/0701185},
	Journal = {Nucl. Phys.},
	Pages = {219-258},
	Primaryclass = {hep-th},
	Reportnumber = {SWAT-07-503},
	Slaccitation = {%%CITATION = HEP-TH/0701185;%%},
	Title = {{Superluminality and UV completion}},
	Volume = {B778},
	Year = {2007},
	Bdsk-Url-1 = {https://doi.org/10.1016/j.nuclphysb.2007.03.034}}

@article{PhysRevLett.120.231801,
	Author = {Sirunyan, A. M. and others},
	Collaboration = {CMS Collaboration},
	Doi = {10.1103/PhysRevLett.120.231801},
	Issue = {23},
	Journal = {Phys. Rev. Lett.},
	Month = 06,
	Numpages = {17},
	Pages = {231801},
	Publisher = {American Physical Society},
	Title = {Observation of $t\overline{t}H$ Production},
	Volume = {120},
	Year = {2018},
	Bdsk-Url-1 = {https://doi.org/10.1103/PhysRevLett.120.231801}}

@article{SalamJetClustering2006,
	Author = {P Salam, Gavin and Cacciari, Matteo},
	Month = {04},
	Title = {Jet clustering in particle physics, via a dynamic nearest neighbour graph implemented with CGAL},
	Year = {2006}}

@article{Thaler:2010tr,
	Archiveprefix = {arXiv},
	Author = {Thaler, Jesse and Van Tilburg, Ken},
	Doi = {10.1007/JHEP03(2011)015},
	Eprint = {1011.2268},
	Journal = {JHEP},
	Pages = {015},
	Primaryclass = {hep-ph},
	Reportnumber = {MIT-CTP-4191},
	Slaccitation = {%%CITATION = ARXIV:1011.2268;%%},
	Title = {{Identifying Boosted Objects with N-subjettiness}},
	Volume = {03},
	Year = {2011},
	Bdsk-Url-1 = {https://doi.org/10.1007/JHEP03(2011)015}}

@article{Freytsis:2014hpa,
	Archiveprefix = {arXiv},
	Author = {Freytsis, Marat and Volansky, Tomer and Walsh, Jonathan R.},
	Doi = {10.1016/j.physletb.2016.08.044},
	Eprint = {1412.7540},
	Journal = {Phys. Lett.},
	Pages = {333-338},
	Primaryclass = {hep-ph},
	Slaccitation = {%%CITATION = ARXIV:1412.7540;%%},
	Title = {{Tagging Partially Reconstructed Objects with Jet Substructure}},
	Volume = {B769},
	Year = {2017},
	Bdsk-Url-1 = {https://doi.org/10.1016/j.physletb.2016.08.044}}

@article{Bednyakov:2016onn,
	Archiveprefix = {arXiv},
	Author = {Bednyakov, A. V. and Kniehl, B. A. and Pikelner, A. F. and Veretin, O. L.},
	Doi = {10.1016/j.nuclphysb.2017.01.004},
	Eprint = {1612.00660},
	Journal = {Nucl. Phys.},
	Pages = {463-483},
	Primaryclass = {hep-ph},
	Reportnumber = {DESY-16-234, DESY 16-234},
	Slaccitation = {%%CITATION = ARXIV:1612.00660;%%},
	Title = {{On the $b$-quark running mass in QCD and the SM}},
	Volume = {B916},
	Year = {2017},
	Bdsk-Url-1 = {https://doi.org/10.1016/j.nuclphysb.2017.01.004}}

@book{Heinemeyer:1559921,
	Author = {Heinemeyer, S and others},
	Collaboration = {LHC Higgs Cross Section Working Group},
	Editor = {Heinemeyer, S},
	Month = {07},
	Reportnumber = {CERN-2013-004},
	Series = {CERN Yellow Reports: Monographs},
	Title = {{Handbook of LHC Higgs Cross Sections: 3. Higgs Properties: Report of the LHC Higgs Cross Section Working Group}},
	Url = {https://cds.cern.ch/record/1559921},
	Year = {2013},
	Bdsk-Url-1 = {https://cds.cern.ch/record/1559921}}

@article{Aaboud:2019yqu,
	Archiveprefix = {arXiv},
	Author = {Aaboud, Morad and others},
	Collaboration = {ATLAS},
	Eprint = {1903.01400},
	Primaryclass = {hep-ex},
	Reportnumber = {CERN-EP-2018-334},
	Title = {{Constraints on mediator-based dark matter and scalar dark energy models using $\sqrt{s} = 13$ TeV $pp$ collision data collected by the ATLAS detector}},
	Year = {2019}}

@article{deFlorian:2016spz,
	Archiveprefix = {arXiv},
	Author = {de Florian, D. and others},
	Collaboration = {LHC Higgs Cross Section Working Group},
	Doi = {10.23731/CYRM-2017-002},
	Eprint = {1610.07922},
	Primaryclass = {hep-ph},
	Reportnumber = {FERMILAB-FN-1025-T, CERN-2017-002-M},
	Slaccitation = {%%CITATION = ARXIV:1610.07922;%%},
	Title = {{Handbook of LHC Higgs Cross Sections: 4. Deciphering the Nature of the Higgs Sector}},
	Year = {2016},
	Bdsk-Url-1 = {https://doi.org/10.23731/CYRM-2017-002}}

@article{Sirunyan:2018owy,
	Archiveprefix = {arXiv},
	Author = {Sirunyan, Albert M and others},
	Collaboration = {CMS},
	Eprint = {1809.05937},
	Primaryclass = {hep-ex},
	Reportnumber = {CMS-HIG-17-023, CERN-EP-2018-139},
	Slaccitation = {%%CITATION = ARXIV:1809.05937;%%},
	Title = {{Search for invisible decays of a Higgs boson produced through vector boson fusion in proton-proton collisions at $\sqrt{s} =$ 13 TeV}},
	Year = {2018}}

@techreport{CMS-PAS-HIG-18-008,
	Address = {Geneva},
	Collaboration = {CMS Collaboration},
	Institution = {CERN},
	Number = {CMS-PAS-HIG-18-008},
	Reportnumber = {CMS-PAS-HIG-18-008},
	Title = {{First constraints on invisible Higgs boson decays using $\mathrm{t}\bar{\mathrm{t}}\mathrm{H}$ production at $\sqrt{s}=13~\mathrm{TeV}$}},
	Url = {https://cds.cern.ch/record/2668677},
	Year = {2019},
	Bdsk-Url-1 = {https://cds.cern.ch/record/2668677}}

@article{Aaboud:2019rtt,
	Archiveprefix = {arXiv},
	Author = {Aaboud, Morad and others},
	Collaboration = {ATLAS},
	Eprint = {1904.05105},
	Journal = {Submitted to: Phys. Rev. Lett.},
	Primaryclass = {hep-ex},
	Reportnumber = {CERN-EP-2019-046},
	Slaccitation = {%%CITATION = ARXIV:1904.05105;%%},
	Title = {{Combination of searches for invisible Higgs boson decays with the ATLAS experiment}},
	Year = {2019}}
